@manual{silveirinha2023,
    title={Lecture Notes (PROE)},
    author={Silveirinha, M.},
    year={2023}
}

@book{pozar2012,
    title={Microwave Engineering},
    author={Pozar, D. M.},
    isbn={9780470631553},
    year={2012},
    edition={4th},
    publisher={Wiley}
}

@manual{orfanidis2008electromagnetic,
    title={Electromagnetic Waves and Antennas},
    author={Orfanidis, S. J.},
    year={2008}
}

@book{cheng2002field,
    title={Field and Wave Electromagnetics},
    author={Cheng, D. K.},
    year={2002},
    publisher={Addison-Wesley}
}

@manual{sebentaPROE2002,
    title={Sebenta de PROE},
    year={2002},
    organization={Secção de Folhas da AEIST}
}

@book{keiser2000optical,
    title={Optical Fiber Communications},
    author={Keiser, G.},
    year={2000},
    publisher={McGraw}
}

@article{arthur2013evolution,
    title={{The Evolution of Maxwell’s Equations from 1862 to the Present Day}},
    author={Arthur, J. W.},
    journal={IEEE Antennas and Propagation Magazine},
    volume={55},
    number={3},
    pages={61},
    year={2013},
    publisher={IEEE},
    issn={1045-9243/2013},
    doi={10.1109/MAP.2013.6529325}
}

@article{ieee1983terms,
  title={{IEEE Standard Definitions of Terms for Antennas}},
  author={IEEE},
  journal={IEEE Trans. Antennas Propagat.},
  volume={AP-31, pt.II},
  pages={5},
  year={1983},
  note={Revised IEEE Std 145-1993}
}

@article{Kwan_2002,
    doi = {10.1088/2058-7058/15/4/44},
    url = {https://dx.doi.org/10.1088/2058-7058/15/4/44},
    year = {2002},
    month = {apr},
    publisher = {IOP Publishing},
    volume = {15},
    number = {4},
    pages = {64},
    author = {A. Kwan and J. Dudley and E. Lantz},
    title = {{Who really discovered Snell's law?}},
    journal = {Physics World},
}
